<record><leader>00000cas a2200000 a 4500</leader><controlfield tag="001">646068777</controlfield><controlfield tag="008">100706uuuuuuuuuiluuu ne      0    0eng c</controlfield><datafield ind1=" " ind2=" " tag="010"><subfield code="a">  2010271286</subfield></datafield><datafield ind1=" " ind2=" " tag="040"><subfield code="a">NVF</subfield><subfield code="b">eng</subfield><subfield code="c">NVF</subfield><subfield code="d">NVF</subfield><subfield code="d">UKMGB</subfield><subfield code="d">OCLCQ</subfield><subfield code="d">OCLCF</subfield><subfield code="d">OCLCO</subfield></datafield><datafield ind1="7" ind2=" " tag="016"><subfield code="a">013939729</subfield><subfield code="2">Uk</subfield></datafield><datafield ind1=" " ind2=" " tag="042"><subfield code="a">pcc</subfield></datafield><datafield ind1=" " ind2=" " tag="043"><subfield code="a">n-us-il</subfield></datafield><datafield ind1="0" ind2=" " tag="130"><subfield code="a">Vigilante (Upper Alton, Ill.)</subfield></datafield><datafield ind1="1" ind2="4" tag="245"><subfield code="a">The vigilante.</subfield></datafield><datafield ind1=" " ind2=" " tag="260"><subfield code="a">[Upper Alton (Ill.)] :</subfield><subfield code="b">Citizens of Upper Alton, Ill.</subfield></datafield><datafield ind1=" " ind2=" " tag="300"><subfield code="a">v.</subfield></datafield><datafield ind1=" " ind2=" " tag="500"><subfield code="a">"The primary object of this paper is to promote the interests of the village of Upper Alton."</subfield></datafield><datafield ind1=" " ind2=" " tag="500"><subfield code="a">Upper Alton was annexed by Alton in 1911.</subfield></datafield><datafield ind1=" " ind2=" " tag="515"><subfield code="a">Issues lack vol., no., and chronological designation.</subfield></datafield><datafield ind1=" " ind2=" " tag="515"><subfield code="a">Issues have no page numbering.</subfield></datafield><datafield ind1=" " ind2=" " tag="588"><subfield code="a">Description based on: &lt;1896?&gt;.</subfield></datafield><datafield ind1=" " ind2="0" tag="651"><subfield code="a">Upper Alton (Ill.)</subfield><subfield code="v">Newspapers.</subfield></datafield><datafield ind1=" " ind2="0" tag="651"><subfield code="a">Alton (Ill.)</subfield><subfield code="v">Newspapers.</subfield></datafield><datafield ind1=" " ind2="7" tag="655"><subfield code="a">Newspapers.</subfield><subfield code="2">fast</subfield><subfield code="0">(OCoLC)fst01423814</subfield></datafield><datafield ind1=" " ind2="7" tag="651"><subfield code="a">Illinois</subfield><subfield code="z">Alton.</subfield><subfield code="2">fast</subfield><subfield code="0">(OCoLC)fst01221436</subfield></datafield><datafield ind1=" " ind2="7" tag="651"><subfield code="a">Illinois</subfield><subfield code="z">Upper Alton.</subfield><subfield code="2">fast</subfield><subfield code="0">(OCoLC)fst01221434</subfield></datafield><datafield ind1=" " ind2=" " tag="752"><subfield code="a">United States</subfield><subfield code="b">Illinois</subfield><subfield code="c">Madison</subfield><subfield code="d">Upper Alton.</subfield></datafield><datafield ind1=" " ind2=" " tag="752"><subfield code="a">United States</subfield><subfield code="b">Illinois</subfield><subfield code="c">Madison</subfield><subfield code="d">Alton.</subfield></datafield></record>